@misc{BdfEnBref,
  title = {{Banque De France} En Bref},
  howpublished = {\url{https://www.recrutement.banque-france.fr/la-banque-de-france-en-bref/}},
  note = {Accessed: 2023-03-22}
}

@misc{BdfLesMetiers,
title = {{Banque De France} Nos m√©tiers},
howpublished = {\url{https://www.recrutement.banque-france.fr/nos-metiers/}},
note = {Accessed: 2023-03-23}
}

@misc{AboutGit,
title = {{Git} About},
howpublished = {\url{https://git-scm.com/about/}},
note = {Accessed: 2023-03-27}
}

@misc{Gitflow,
title = {{Workflow Gitflow} Tutoriel},
howpublished = {\url{https://www.atlassian.com/fr/git/tutorials/comparing-workflows/gitflow-workflow}},
note = {Accessed: 2023-03-27}
}
